@Misc{Wikipedia:Typografie,
    author = "Wikipedia",
    title = "Typografie",
    howpublished = "online",
    revised = "Poslední změna 5. dubna 2017",
    cited = "!2017-04-12",
    url = "https://cs.wikipedia.org/wiki/Typografie"
}
@Misc{Wikibooks:LaTeX,
    author = "Wikibooks",
    title = "\LaTeX",
    howpublished = "online",
    revised = "Poslední změna 17. února 2016",
    cited = "!2017-04-12",
    url = "https://cs.wikibooks.org/wiki/LaTeX"
}
@Misc{FEKT:LaTeX,
    author = "Sysel, Petr and Rajmic, Pavel",
    title = "\LaTeX",
    subtitle = "Podpora systému \LaTeX\,na FEKT VUT v Brně",
    year = "2004",
    howpublished = "online",
    cited = "!2017-04-12",
    url = "http://latex.feec.vutbr.cz/"
}
@Book{Ambrose:Typografie_graficky_design,
    author = "Ambrose, Gavin and Harris, Paul",
    title = "Typografie",
    subtitle = "Grafický design",
    publisher = "Computer Press, a. s.",
    year = "2010",
    month = sep,
    pages = 176,
    isbn = "978--80--251--2967--8"
}
@Book{Bringhurst:The_Elements_of_Typographic_Style,
    author = "Bringhurst, Robert",
    title = "The Elements of Typographic Style",
    publisher = "Hartley \& Marks",
    edition = 4,
    year = "1999",
    pages = 350,
    isbn = "978--08--817--9132--7"
}
@BachelorThesis{Pysny:BIBTEX_STYL_PRO_CSN_ISO_690_A_CSN_ISO_690_2,
    author = "Pyšný, Radek",
    title = "\bibtex\,STYL PRO ČSN ISO 690 A ČSN ISO 690--2",
    school = "Vysoké učení technické v Brně",
    address = "Brno",
    year = "2009"
}
@MasterThesis{Cerny:Znakove_sady_v_typografickych_systemech,
    author = "Černý, Martin",
    title = "Znakové sady v typografických systémech",
    school = "Mendelova univerzita v Brně",
    address = "Brno",
    year = "1999"
}
@InProceedings{Krena:Zavedeni_predmetu_typografie_a_publikovani,
    author = "Křena, Bohuslav",
    title = "Zavedení předmětu Typografie a publikování na FIT VUT v Brně.",
    booktitle = "Informatika XXI/2008",
    address = "	Luhačovice, CZ",
    publisher = "Konvoj",
    year = "2008",
    pages = "57--58",
    isbn = "978--80--7302--151--1"
}
@Article{Janssen:The_Rectangle_in_Typography,
    author = "Janssen, Frans A.",
    title = "The Rectangle in Typography",
    journal = "Quaerendo",
    volume = "40",
    number = "1",
    year = "2010",
    pages = "1--25",
    issn = "0014--9527"
}
@Article{Leeuwen:Towards_a_semiotics_of_typography,
    author = "Leeuwen, van Theo",
    title = "Towards a semiotics of typography",
    journal = "Information Design Journal",
    year = "2006",
    volume = "14",
    number = "2",
    pages = "139--155",
    issn = "0142--5471"
}

